--------------------HAMILTON CYCLE--------------------

@book{
  CLRS2001,
  booktitle={Introduction to algorithms},
  author={Cormen, Thomas H. and Leiserson, Charles E. and Rivest, Ronald L and Stein, Clifford},
  year={2001},
  pages={1008-1012},
  publisher={MIT press}
}

---------BIPARTITE AND FRACTIONAL MATCHINGS0----------

@book{
  LovaszPlummer1986,
  title={Matching theory},
  author={Lov{\'a}sz, L. and Plummer, M.D.},
  isbn={9789630541688},
  series={North-Holland mathematics studies},
  url={http://books.google.com/books?id=ju3uAAAAMAAJ},
  year={1986},
  publisher={Akad{\'e}miai Kiad{\'o}}
}

-----------------------MAPREDUCE-----------------------

@inproceedings{
  DeanGhemawat2004,
  author = {Dean, Jeffrey and Ghemawat, Sanjay},
  title = {MapReduce: simplified data processing on large clusters},
  booktitle = {OSDIâ€™04: Proceedings of the sixth conference on symposium on operating systems design and implementation},
  year = {2004},
  publisher = {USENIX Association}
}

--------------------LONG TAIL PAPERS-------------------

@article{
  KumarNorrisSun2009,
  title={Location and time do matter: A long tail study of website requests},
  author={Kumar, Chetan and Norris, John B and Sun, Yi},
  journal={Decision Support Systems},
  volume={47},
  number={4},
  pages={500--507},
  year={2009},
  publisher={Elsevier}
}

@article{
  HubermanAdamic1999,
  title={Internet: growth dynamics of the world-wide web},
  author={Huberman, Bernardo A and Adamic, Lada A},
  journal={Nature},
  volume={401},
  number={6749},
  pages={131--131},
  year={1999},
  publisher={Nature Publishing Group}
}

@inproceedings{DuDemmerBrewer2006,
 author = {Du, Bowei and Demmer, Michael and Brewer, Eric},
 title = {Analysis of WWW traffic in Cambodia and Ghana},
 booktitle = {Proceedings of the 15th international conference on World Wide Web},
 series = {WWW '06},
 year = {2006},
 pages = {771--780},
 numpages = {10},
 url = {http://doi.acm.org/10.1145/1135777.1135894},
 doi = {10.1145/1135777.1135894},
 acmid = {1135894},
 publisher = {ACM},
} 

--------------------------GNP--------------------------

@article{
  ErdosRenyi59,
  author = {Erd\"{o}s, P. and R\'{e}nyi, A.},
  journal = {Publicationes Mathematicae (Debrecen)},
  pages = {290--297},
  title = {{On random graphs, I}},
  volume = {6},
  year = {1959}
}

-------------------CHERNOFF BOUND-------------------

@book{
  AugerDoerr2011,
  title={Theory of Randomized Search Heuristics: Foundations and Recent Developments},
  author={Auger, Anne and Doerr, Benjamin},
  isbn={9789814282666},
  series={Series on Theoretical Computer Science},
  year={2011},
  publisher={World Scientific Publishing Company}
}

-----------------TIGHT GREEDY EXAMPLE-----------------

@inproceedings{
  KarpVaziraniVazirani1990,
  title={An optimal algorithm for on-line bipartite matching},
  author={Karp, Richard and Vazirani, Umesh and Vazirani, Vijay},
  booktitle={Proceedings of the twenty-second annual ACM symposium on Theory of computing},
  pages={352--358},
  year={1990},
  organization={ACM}
}

------------------RANDOM MATCHING-----------------

@book{
  Janson2011,
  title={Random Graphs},
  author={Janson, Svante and Luczak, Tomasz and Rucinski, Andrzej},
  isbn={9781118030967},
  series={Wiley Series in Discrete Mathematics and Optimization},
  year={2011},
  publisher={Wiley}
}